@article{schvaneveldt2001academic,
  title={Academic goals, achievement, and age at first sexual intercourse: Longitudinal, bidirectional influences},
  author={Schvaneveldt, Paul L and Miller, Brent C and Berry, E Helen and Lee, Thomas R},
  journal={Adolescence},
  volume={36},
  number={144},
  pages={767},
  year={2001},
  publisher={Libra Publishers Incorporated}
}
